<?xml version="1.0" encoding="UTF-8"?><record xmlns="http://www.loc.gov/MARC21/slim" xmlns:cinclude="http://apache.org/cocoon/include/1.0" xmlns:zs="http://www.loc.gov/zing/srw/">
  <leader>00380nz  a2200121n  4500</leader>
  <controlfield tag="001">nr2003023095</controlfield>
  <controlfield tag="003">DLC</controlfield>
  <controlfield tag="005">20030729033113.0</controlfield>
  <controlfield tag="008">030716n| acannaabn          |n aaa     c</controlfield>
  <datafield tag="010" ind1=" " ind2=" ">
    <subfield code="a">nr2003023095</subfield>
  </datafield>
  <datafield tag="040" ind1=" " ind2=" ">
    <subfield code="a">UtPvBYMW</subfield>
    <subfield code="b">eng</subfield>
    <subfield code="c">UtPvBYMW</subfield>
  </datafield>
  <datafield tag="100" ind1="1" ind2=" ">
    <subfield code="a">Roberts, John Austin</subfield>
  </datafield>
  <datafield tag="670" ind1=" " ind2=" ">
    <subfield code="a">Optimizing interleaved kY-phase encoding in magnetic resonanceangiography, 2003:</subfield>
    <subfield code="b">t.p. (John Austin Roberts)</subfield>
  </datafield>
</record>